
@article{rokhlin_fast_2006,
	title = {Fast {Algorithms} for {Spherical} {Harmonic} {Expansions}},
	volume = {27},
	issn = {1064-8275},
	url = {https://epubs.siam.org/doi/abs/10.1137/050623073},
	doi = {10.1137/050623073},
	abstract = {An algorithm is introduced for the rapid evaluation at appropriately chosen nodes on the two-dimensional sphere 
S
2
S2
 in 
R
3
R3
 of functions specified by their spherical harmonic expansions (known as the inverse spherical harmonic transform), and for the evaluation of the coefficients in spherical harmonic expansions of functions specified by their values at appropriately chosen points on 
S
2
S2
 (known as the forward spherical harmonic transform). The procedure is numerically stable and requires an amount of CPU time proportional to 
N
2
(logN)log(1/ϵ)
N2(log⁡N)log⁡(1/ϵ)
, where 
N
2
N2
 is the number of nodes in the discretization of 
S
2
S2
, and 
ϵ
ϵ
 is the precision of computations. The performance of the algorithm is illustrated via several numerical examples.},
	number = {6},
	urldate = {2022-11-20},
	journal = {SIAM Journal on Scientific Computing},
	author = {Rokhlin, Vladimir and Tygert, Mark},
	month = jan,
	year = {2006},
	note = {Publisher: Society for Industrial and Applied Mathematics},
	keywords = {65T50, expansions, fast algorithms, spherical harmonics},
	pages = {1903--1928},
	file = {Submitted Version:/home/ejovo/Zotero/storage/G7VUFVPC/Rokhlin and Tygert - 2006 - Fast Algorithms for Spherical Harmonic Expansions.pdf:application/pdf},
}
